%YAML 1.1
%TAG !u! tag:unity3d.com,2011:
--- !u!1001 &100100000
Prefab:
  m_ObjectHideFlags: 1
  serializedVersion: 2
  m_Modification:
    m_TransformParent: {fileID: 0}
    m_Modifications: []
    m_RemovedComponents: []
  m_ParentPrefab: {fileID: 0}
  m_RootGameObject: {fileID: 1085706872074162}
  m_IsPrefabParent: 1
--- !u!1 &1085706872074162
GameObject:
  m_ObjectHideFlags: 0
  m_PrefabParentObject: {fileID: 0}
  m_PrefabInternal: {fileID: 100100000}
  serializedVersion: 5
  m_Component:
  - component: {fileID: 4478690640566838}
  - component: {fileID: 61595544481135164}
  - component: {fileID: 114207440480067270}
  m_Layer: 0
  m_Name: NarratorTrigger
  m_TagString: NarratorTrigger
  m_Icon: {fileID: 0}
  m_NavMeshLayer: 0
  m_StaticEditorFlags: 0
  m_IsActive: 1
--- !u!4 &4478690640566838
Transform:
  m_ObjectHideFlags: 1
  m_PrefabParentObject: {fileID: 0}
  m_PrefabInternal: {fileID: 100100000}
  m_GameObject: {fileID: 1085706872074162}
  m_LocalRotation: {x: 0, y: 0, z: 0, w: 1}
  m_LocalPosition: {x: 41.112, y: -41.112, z: 0}
  m_LocalScale: {x: 1, y: 1, z: 1}
  m_Children: []
  m_Father: {fileID: 0}
  m_RootOrder: 0
  m_LocalEulerAnglesHint: {x: 0, y: 0, z: 0}
--- !u!61 &61595544481135164
BoxCollider2D:
  m_ObjectHideFlags: 1
  m_PrefabParentObject: {fileID: 0}
  m_PrefabInternal: {fileID: 100100000}
  m_GameObject: {fileID: 1085706872074162}
  m_Enabled: 1
  m_Density: 1
  m_Material: {fileID: 0}
  m_IsTrigger: 1
  m_UsedByEffector: 0
  m_UsedByComposite: 0
  m_Offset: {x: 0, y: 0}
  m_SpriteTilingProperty:
    border: {x: 0, y: 0, z: 0, w: 0}
    pivot: {x: 0, y: 0}
    oldSize: {x: 0, y: 0}
    newSize: {x: 0, y: 0}
    adaptiveTilingThreshold: 0
    drawMode: 0
    adaptiveTiling: 0
  m_AutoTiling: 0
  serializedVersion: 2
  m_Size: {x: 1, y: 1}
  m_EdgeRadius: 0
--- !u!114 &114207440480067270
MonoBehaviour:
  m_ObjectHideFlags: 1
  m_PrefabParentObject: {fileID: 0}
  m_PrefabInternal: {fileID: 100100000}
  m_GameObject: {fileID: 1085706872074162}
  m_Enabled: 1
  m_EditorHideFlags: 0
  m_Script: {fileID: 11500000, guid: 44748dccf07c14c418d0c37575cfe63f, type: 3}
  m_Name: 
  m_EditorClassIdentifier: 
  Text: 'Test message Test message Test message Test message Test message Test message
    Test message Test message Test message Test message Test message Test message
    Test message Test message Test message Test message Test message Test message
    Test message Test message Test message Test message Test message Test message
    Test message Test message Test message Test message Test message Test message
    Test message Test message Test message Test message Test message Test message
    Test message Test message Test message Test message Test message Test message
    Test message Test message Test message Test message Test message Test message
    Test message Test message Test message Test message Test message Test message
    Test message Test message Test message Test message Test message Test message
    Test message Test message Test message Test message Test message Test message
    Test message Test message Test message Test message Test message Test message
    Test message Test message Test message Test message Test message Test message
    Test message Test message Test message Test message Test message Test message
    Test message Test message Test message Test message Test message Test message
    Test message Test message Test message Test message Test message Test message
    Test message Test message Test message Test message Test message Test message
    Test message Test message Test message Test message Test message Test message
    Test message Test message Test message Test message Test message Test message '
